

@article{melzack1965,
  title={Pain mechanisms: a new theory},
  author={Melzack, Ronald and Wall, Patrick D},
  journal={Science},
  volume={150},
  number={3699},
  pages={971--979},
  year={1965},
  publisher={American Association for the Advancement of Science},
  doi={10.1126/science.150.3699.971}
}

@article{hensel1973,
  title={Cutaneous thermoreceptors},
  author={Hensel, Herbert},
  journal={Annual Review of Physiology},
  volume={35},
  number={1},
  pages={235--249},
  year={1973},
  publisher={Annual Reviews},
  doi={10.1146/annurev.ph.35.030173.001315}
}

@article{craig2002,
  title={How do you feel? Interoception: the sense of the physiological condition of the body},
  author={Craig, A D},
  journal={Nature Reviews Neuroscience},
  volume={3},
  number={8},
  pages={655--666},
  year={2002},
  publisher={Nature Publishing Group},
  doi={10.1038/nrn894}
}

@article{wiltschko1972,
  title={Magnetic compass of European robins},
  author={Wiltschko, Wolfgang and Wiltschko, Roswitha},
  journal={Science},
  volume={176},
  number={4030},
  pages={62--64},
  year={1972},
  publisher={American Association for the Advancement of Science},
  doi={10.1126/science.176.4030.62}
}

@article{AHRC2017,
  title={Not 5 but 33 senses.},
  author={Smith, Barry},
  journal={Science in Culture},
  year={2017},
  url={https://www.sciculture.ac.uk/not-5-but-33-senses/}
}

@book{barany1907physiologie,
  title={Physiologie und Pathologie des Bogengang-Apparates beim Menschen},
  author={B{\'a}r{\'a}ny, Robert},
  year={1907},
  publisher={F. Deuticke}
}

@article{fleming1886function,
  title={The function of the semicircular canals of the labyrinth},
  author={Fleming, Alexander},
  journal={Journal of Anatomy and Physiology},
  volume={21},
  number={Pt 1},
  pages={120},
  year={1886},
  publisher={Cambridge University Press}
}

@book{flourens1824recherches,
  title={Recherches expérimentales sur les propriétés et les fonctions du système nerveux dans les animaux vertébrés},
  author={Flourens, Pierre},
  year={1824},
  publisher={Crevot}
}

@article{bell1826nervous,
  title={On the nervous circle which connects the voluntary muscles with the brain},
  author={Bell, Charles},
  journal={Philosophical Transactions of the Royal Society of London},
  volume={116},
  pages={163--173},
  year={1826},
  publisher={The Royal Society London}
}

@book{sherrington1906integrative,
  title={The integrative action of the nervous system},
  author={Sherrington, Charles Scott},
  year={1906},
  publisher={Yale University Press}
}

@article{Brandt2024,
  title={Human senses and sensors from Aristotle to the present},
  author={T. Brandt and M. Dieterich and D. Huppert},
  journal={Frontiers in Neurology},
  volume={15},
  year={2024},
  month={Jul.},
  doi={10.3389/fneur.2024.1404720}
}

@article{vonfrey1896untersuchungen,
  title={Untersuchungen über die Sinnesfunctionen der menschlichen Haut; I. Druckempfindung und Schmerz},
  author={Von Frey, Max},
  journal={Abhandlungen der mathematisch-physischen Classe der Königlichen Sächsischen Gesellschaft der Wissenschaften},
  volume={23},
  number={3},
  pages={175--266},
  year={1896}
}

@book{cannon1915bodily,
  title={Bodily changes in pain, hunger, fear and rage: An account of recent researches into the function of emotional excitement},
  author={Cannon, Walter Bradford},
  year={1915},
  publisher={D. Appleton}
}

@article{wolf1950thirst,
  title={Thirst: Physiology of the urge to drink and problems of water lack},
  author={Wolf, AV},
  journal={Springfield, Ill, Charles C Thomas},
  year={1950}
}

@book{bonica1953management,
  title={The Management of Pain},
  author={Bonica, John J},
  year={1953},
  publisher={Lea \& Febiger}
}

@article{lennander1902observations,
  title={Observations on the sensibility of the abdominal cavity},
  author={Lennander, KG},
  journal={The Journal of the American Medical Association},
  volume={39},
  number={18},
  pages={1056--1059},
  year={1902},
  publisher={American Medical Association}
}

@book{hudson2003animal,
  title={Animal timing: A microcosm of the known universe},
  author={Hudson, R},
  year={2003},
  publisher={World Scientific}
}

@article{baker1980goal,
  title={Goal orientation by blindfolded humans after long-distance displacement: possible involvement of a magnetic sense},
  author={Baker, Robin},
  journal={Science},
  volume={210},
  number={4469},
  pages={555--557},
  year={1980},
  publisher={American Association for the Advancement of Science},
  doi={10.1126/science.7423208}
}

@article{hancock1992body,
  title={Body Temperature Influence on Time Perception},
  author={Hancock, P. A.},
  journal={The Journal of General Psychology},
  volume={120},
  number={3},
  pages={197--215},
  year={1992},
  publisher={Taylor \& Francis}
}

@book{bässler1983neural,
  title={Neural Basis of Elementary Behavior in Stick Insects},
  author={Bässler, U.},
  year={1983},
  publisher={Springer},
  address={Heidelberg}
}

@incollection{jahn2020postural,
  title={Postural Control Mechanisms in Mammals, Including Humans},
  author={Jahn, Klaus and Wühr, Max},
  booktitle={The Senses: A Comprehensive Reference},
  pages={344--370},
  year={2020},
  publisher={Elsevier},
  doi={10.1016/b978-0-12-809324-5.24132-1}
}

@book{wilson1979vestibular,
  title={Mammalian Vestibular Physiology},
  author={Wilson, V. J. and Melvill Jones, G.},
  year={1979},
  publisher={Plenum Press},
  address={New York}
}

@incollection{fraser1981semicircular,
  title={Semicircular canal morphology and function in crabs},
  author={Fraser, P. J.},
  booktitle={The Vestibular System: Function and Morphology},
  pages={175--190},
  year={1981},
  publisher={Springer},
  address={Berlin, Heidelberg}
}

@incollection{springer2021mechanoreceptors,
  title={Mechanoreceptors},
  author={Cromer, Carmen M. and Paciulli, Lisa M.},
  booktitle={Encyclopedia of Animal Cognition and Behavior},
  pages={1--4},
  year={2021},
  publisher={Springer},
  doi={10.1007/978-3-319-47829-6_1791-1}
}

@article{smith2009invertebrate,
  title={Nociceptors: a phylogenetic view},
  author={Smith, Edward S.J. and Lewin, Gary R.},
  journal={Journal of Comparative Physiology A},
  volume={195},
  number={12},
  pages={1089--1106},
  year={2009},
  doi={10.1007/s00359-009-0482-z},
  publisher={Springer}
}

@article{loftus1968response,
  title={The response of the antennal cold receptor of Periplaneta americana to rapid temperature changes and to steady temperature},
  author={Loftus, R.},
  journal={Zoologische Jahrbücher},
  volume={59},
  pages={413--455},
  year={1968}
}

@article{simpson2000,
  title={Hormonal Regulation of Feeding in Insects},
  author={Simpson, S. J. and Raubenheimer, D.},
  journal={Annual Review of Entomology},
  year={2000},
  doi={10.1146/annurev.ento.45.1.73}
}

@article{schwartz2000central,
  title={Central nervous system control of food intake},
  author={Schwartz, M. W. and Woods, S. C. and Porte, D. and Seeley, R. J. and Baskin, D. G.},
  journal={Nature},
  volume={404},
  pages={661--671},
  year={2000},
  doi={10.1038/35024500}
}

@article{todini2023neuroendocrine,
  title={Thirst: neuroendocrine regulation in mammals},
  author={Todini, Luca and Fantuz, Francesco},
  journal={Veterinary Research Communications},
  year={2023},
  doi={10.1007/s11259-023-01021-9}
}

@article{Fitzsimons1976,
  title={The physiological basis of thirst},
  author={Fitzsimons, J. T.},
  journal={Kidney International},
  volume={10},
  number={1},
  pages={3--11},
  year={1976},
  doi={10.1038/ki.1976.74}
}

@article{ralph1990transplanted,
  title={Transplanted suprachiasmatic nucleus determines circadian period},
  author={Ralph, Martin R and Foster, R G and Davis, F C and Menaker, M},
  journal={Science},
  volume={247},
  number={4945},
  pages={975--978},
  year={1990},
  doi={10.1126/science.2305266}
}

@book{Saunders2002insect,
  title={Insect Clocks},
  author={Saunders, David S.},
  year={2002},
  edition={3rd},
  publisher={Elsevier}
}

@article{Walker1997,
  title={Structure and function of the vertebrate magnetic sense},
  author={Walker, M. M. and Diebel, C. E. and Haugh, C. V.},
  journal={Nature},
  volume={390},
  pages={371--376},
  year={1997},
  doi={10.1038/32912}
}

@article{Gould1980,
  title={The case for magnetic sensitivity in birds and bees (such as honeybees)},
  author={Gould, James L.},
  journal={American Scientist},
  volume={68},
  pages={256--267},
  year={1980}
}