@article{Hidalgo2011,
  title={CAPTCHAs},
  author={Hidalgo, J.M.G. and Álvarez, G.},
  booktitle={Advances in Computers},
  volume={83},
  pages={109--181},
  year={2011},
  publisher={Elsevier},
  doi={10.1016/B978-0-12-385510-7.00003-5}
}
@article{Turing1950,
  title={Computing Machinery and Intelligence},
  author={Turing, A.M.},
  journal={Mind},
  volume={59},
  number={236},
  pages={433--460},
  year={1950},
  doi={10.1093/mind/LIX.236.433}
}
@article{Kumar2022,
  title={A Systematic Survey on CAPTCHA Recognition: Types, Creation and Breaking Techniques},
  author={Kumar, M. and Jindal, M.K. and Kumar, M.},
  journal={Archives of Computational Methods in Engineering},
  volume={29},
  number={2},
  pages={1107--1136},
  year={2022},
  month={Mar},
  doi={10.1007/s11831-021-09608-4}
}
@article{VonAhn2004,
  title={Telling Humans and Computers Apart Automatically},
  author={von Ahn, L. and Blum, M. and Langford, J.},
  journal={Communications of the ACM},
  volume={47},
  number={2},
  pages={56--60},
  year={2004},
  doi={10.1145/966389.966390}
}
@inproceedings{Bursztein2014,
  title={The End is Nigh: Generic Solving of Text-based CAPTCHAs},
  author={Bursztein, E. and Aigrain, J. and Moscicki, A. and Mitchell, J. C.},
  booktitle={8th USENIX Workshop on Offensive Technologies (WOOT 14)},
  year={2014}
}
@inproceedings{Bursztein2011,
  title={How Good are Humans at Solving CAPTCHAs? A Large Scale Evaluation},
  author={Bursztein, E. and Bethard, S. and Fabry, C. and Mitchell, J. and Jurafsky, D.},
  booktitle={2010 IEEE Symposium on Security and Privacy},
  pages={399--413},
  year={2011},
  doi={10.1109/SP.2010.31}
}
@inproceedings{Ousat2024,
  title={The Matter of Captchas: An Analysis of a Brittle Security Feature on the Modern Web},
  author={Ousat, B. and otros},
  booktitle={Proceedings of the ACM Web Conference 2024},
  pages={1835--1846},
  year={2024},
  doi={10.1145/3589334.3645619}
}

@inproceedings{VonAhn2003,
  title={CAPTCHA: Using Hard AI Problems for Security},
  author={von Ahn, Luis and Blum, Manuel and Hopper, Nicholas J. and Langford, John},
  booktitle={Advances in Cryptology—EUROCRYPT 2003},
  pages={294--311},
  year={2003},
  publisher={Springer},
  doi={10.1007/3-540-39200-9\_18}
}

@inproceedings{Mori2003,
  title={Recognizing Objects in Adversarial Clutter: Breaking a Visual CAPTCHA},
  author={Mori, Greg and Malik, Jitendra},
  booktitle={Proceedings of the 2003 IEEE Computer Society Conference on Computer Vision and Pattern Recognition},
  volume={1},
  pages={I--I},
  year={2003},
  organization={IEEE},
  doi={10.1109/CVPR.2003.1211347}
}

@article{Yan2008,
  title={A Low-cost Attack on a Microsoft CAPTCHA},
  author={Yan, Jeff and El Ahmad, Ahmad Salah},
  journal={Proceedings of the 15th ACM Conference on Computer and Communications Security},
  pages={543--554},
  year={2008},
  doi={10.1145/1455770.1455838}
}


@inproceedings{HernandezCastro2010,
  title={Pitfalls in CAPTCHA Design and Implementation: The Math CAPTCHA, a Case Study},
  author={Hernandez-Castro, Julio C. and Ribagorda, Arturo},
  booktitle={2010 International Conference on Availability, Reliability and Security},
  pages={161--168},
  year={2010},
  organization={IEEE},
  doi={10.1109/ARES.2010.32}
}

@inproceedings{Gossweiler2009,
  title={What's Up CAPTCHA?: A CAPTCHA Based on Image Orientation},
  author={Gossweiler, Rich and Kamvar, Maryam and Baluja, Shumeet},
  booktitle={Proceedings of the 18th International Conference on World Wide Web},
  pages={841--850},
  year={2009},
  doi={10.1145/1526709.1526827}
}

@inproceedings{Krizhevsky2012,
  title={ImageNet Classification with Deep Convolutional Neural Networks},
  author={Krizhevsky, Alex and Sutskever, Ilya and Hinton, Geoffrey E.},
  booktitle={Advances in Neural Information Processing Systems},
  volume={25},
  pages={1097--1105},
  year={2012}
}

@article{Goodfellow2014,
  title={Multi-digit Number Recognition from Street View Imagery Using Deep Convolutional Neural Networks},
  author={Goodfellow, Ian J. and Bulatov, Yaroslav and Ibarz, Julian and Arnoud, Sacha and Shet, Vinay},
  journal={arXiv preprint arXiv:1312.6082},
  year={2014}
}

@article{Kovacs2023,
  title={CAPTCHA Recognition Using Machine Learning Algorithms with Various Techniques},
  author={Kovács, Ádám and Tajti, Tamás},
  journal={Annales Mathematicae et Informaticae},
  volume={58},
  pages={81--91},
  year={2023},
  doi={10.33039/ami.2023.11.002}
}

@inproceedings{Zhu2010,
  title={Attacks and Design of Image Recognition CAPTCHAs},
  author={Zhu, Bin B. and Yan, Jeff and Bao, Guanbo and Yang, Maowei and Xu, Ning},
  booktitle={Proceedings of the 17th ACM Conference on Computer and Communications Security},
  pages={187--200},
  year={2010},
  doi={10.1145/1866307.1866329}
}

@inproceedings{Shirali2018,
  title={Using AI-Hard Problems for CAPTCHA Design},
  author={Shirali-Shahreza, Mohammad and Shirali-Shahreza, Seyed Mohammad},
  booktitle={2018 4th International Conference on Web Research (ICWR)},
  pages={142--147},
  year={2018},
  organization={IEEE},
  doi={10.1109/ICWR.2018.8387240}
}

@inproceedings{Tam2008,
  title={Breaking Audio CAPTCHAs},
  author={Tam, Kevin Yau Wai and Simsa, Jaroslav and von Ahn, Luis and Blum, Manuel},
  booktitle={Advances in Neural Information Processing Systems},
  volume={20},
  pages={1--8},
  year={2008}
}

@inproceedings{Kluever2009,
  title={Balancing Usability and Security in a Video CAPTCHA},
  author={Kluever, Kurt A. and Zanibbi, Richard},
  booktitle={Proceedings of the 5th Symposium on Usable Privacy and Security},
  pages={14},
  year={2009},
  doi={10.1145/1572532.1572548}
}

@article{Murdoch2020,
  title={Beyond CAPTCHA: Detecting Silent, Human-like Malicious Interactions Using Behavioral Biometrics},
  author={Murdoch, Steven J.},
  journal={Communications of the ACM},
  volume={63},
  number={6},
  pages={42--44},
  year={2020},
  doi={10.1145/3396184}
}

@inproceedings{Sivakorn2016,
  title={I Am Robot: (Deep) Learning to Break Semantic Image CAPTCHAs},
  author={Sivakorn, S. and Polakis, I. and Keromytis, A.D.},
  booktitle={2016 IEEE European Symposium on Security and Privacy (EuroS\&P)},
  pages={388--403},
  year={2016},
  organization={IEEE},
  doi={10.1109/EuroSP.2016.36}
}


@article{Patel2016,
  title={Breaking Audio CAPTCHAs},
  author={Patel, Manan and Nath, Arijit},
  journal={International Journal of Computer Applications},
  volume={139},
  number={12},
  pages={5--8},
  year={2016},
  doi={10.5120/ijca2016908849}
}

@article{Borges2018,
  title={Biometric Continuous Authentication: A Review of Recent Advances and Recommendations for Future Research},
  author={Borges, Pedro V.S. and Conci, Aura},
  journal={Computers \& Security},
  volume={88},
  pages={101640},
  year={2019},
  doi={10.1016/j.cose.2019.101640}
}

@inproceedings{Levesque2011,
  title={The Winograd Schema Challenge},
  author={Levesque, Hector J. and Davis, Ernest and Morgenstern, Leora},
  booktitle={Proceedings of the Thirteenth International Conference on Artificial Intelligence and Law},
  pages={211--215},
  year={2011},
  doi={10.1145/2018358.2018387}
}

@inproceedings{Motoyama2010,
  title={Re: CAPTCHAs—Understanding CAPTCHA-Solving Services in an Economic Context},
  author={Motoyama, Marti and Levchenko, Kirill and McCoy, Damon and Savage, Stefan and Voelker, Geoffrey M.},
  booktitle={USENIX Security Symposium},
  pages={435--462},
  year={2010}
}

@article{Gafni2019,
  title={Examining User Experience and Security in CAPTCHA Systems: A Cost-Benefit Perspective},
  author={Gafni, Ruti and Pavel, Tal},
  journal={Online Journal of Applied Knowledge Management},
  volume={7},
  number={1},
  pages={1--14},
  year={2019},
  doi={10.36965/OJAKM.2019.7(1)1-14}
}

@article{Nguyen2020,
  title={CAPTCHA Design: A Review of Trends and Techniques},
  author={Nguyen, Thanh Thi and Tran, Minh-Triet and Le, Ngan and others},
  journal={IEEE Access},
  volume={8},
  pages={145749--145766},
  year={2020},
  doi={10.1109/ACCESS.2020.3015475}
}

@article{Huang2018,
  title={A Survey of CAPTCHA Technologies and Their Applications},
  author={Huang, Pei-Yu and Chen, Chao-Hsien and others},
  journal={Computers \& Security},
  volume={77},
  pages={101--117},
  year={2018},
  doi={10.1016/j.cose.2018.03.003}
}

@article{Teh2016,
  title={A Survey of Keystroke Dynamics Biometrics},
  author={Teh, Pei Ling and Teoh, Andrew Beng Jin and Yue, Shigang},
  journal={The Scientific World Journal},
  volume={2013},
  pages={408280},
  year={2013},
  doi={10.1155/2013/408280}
}

@misc{GoogleReCAPTCHA,
  title={Google reCAPTCHA},
  author={Google},
  year={2018},
  note={Disponible en \url{https://developers.google.com/recaptcha/}},
  howpublished={Consultado en septiembre de 2024}
}

@article{Vazquez2018,
  title={Understanding CAPTCHA Robustness: A Survey},
  author={V\'azquez, Carlos y others},
  journal={ACM Computing Surveys},
  volume={51},
  number={4},
  pages={1--36},
  year={2018},
  doi={10.1145/3199675}
}

@inproceedings{Goodfellow2014_GAN,
  title={Generative Adversarial Nets},
  author={Goodfellow, Ian and Pouget-Abadie, Jean and Mirza, Mehdi and Xu, Bing and Warde-Farley, David and Ozair, Sherjil and Courville, Aaron and Bengio, Yoshua},
  booktitle={Advances in Neural Information Processing Systems},
  volume={27},
  pages={2672--2680},
  year={2014}
}



@inproceedings{Kumar2019,
  title={Anomaly Detection in Web Applications Using Machine Learning},
  author={Kumar, Rahul and Singh, Rakesh Kumar and Kumar, Manish},
  booktitle={2019 9th International Conference on Cloud Computing, Data Science \& Engineering (Confluence)},
  pages={227--232},
  year={2019},
  organization={IEEE},
  doi={10.1109/CONFLUENCE.2019.8776931}
}

@inproceedings{Chellapilla2005,
  title={Designing Human Friendly Human Interaction Proofs (HIPs)},
  author={Chellapilla, Kumar and Larson, Kevin and Simard, Patrice Y. and Czerwinski, Mary},
  booktitle={Proceedings of the SIGCHI Conference on Human Factors in Computing Systems},
  pages={711--720},
  year={2005},
  doi={10.1145/1054972.1055070}
}

@inproceedings{Cavender2012,
  title={Accessible CAPTCHA Design},
  author={Cavender, Anna C. and others},
  booktitle={Proceedings of the 2012 Conference on Human Factors in Computing Systems},
  pages={XXXX--XXXX},
  year={2012},
  organization={ACM},
  doi={10.1145/2207676.2207724}
}

@article{Sajjad2019,
  title={CAPTCHA Generation and Security Using Generative Adversarial Networks},
  author={Sajjad, Muhammad and Khan, Saeed Ur Rehman and Ullah, Irfan and Choi, Seungmin and Baik, Sung Wook},
  journal={Computers \& Security},
  volume={85},
  pages={218--231},
  year={2019},
  doi={10.1016/j.cose.2019.05.014}
}

@article{Algwil2023,
  author = {Algwil, Abdalnaser},
  year = {2023},
  month = {06},
  pages = {1 - 37},
  title = {A SURVEY ON CAPTCHA: ORIGIN, APPLICATIONS AND CLASSIFICATION},
  volume = {36}
}
